<record><leader>00000cas a22000007a 4500</leader><controlfield tag="001">21265122</controlfield><controlfield tag="008">900326d19781979couwr ne      0    0eng d</controlfield><datafield ind1=" " ind2=" " tag="010"><subfield code="a">sn 90051178 </subfield></datafield><datafield ind1=" " ind2=" " tag="040"><subfield code="a">CNQ</subfield><subfield code="b">eng</subfield><subfield code="c">CNQ</subfield><subfield code="d">OCLCQ</subfield></datafield><datafield ind1=" " ind2=" " tag="042"><subfield code="a">msc</subfield></datafield><datafield ind1="0" ind2="4" tag="245"><subfield code="a">The Wednesday press.</subfield></datafield><datafield ind1="1" ind2="3" tag="246"><subfield code="a">Press</subfield></datafield><datafield ind1=" " ind2=" " tag="260"><subfield code="a">Parker (Douglas County) Colo. :</subfield><subfield code="b">Douglas County Pub. Co.</subfield></datafield><datafield ind1=" " ind2=" " tag="300"><subfield code="a">v.</subfield></datafield><datafield ind1=" " ind2=" " tag="310"><subfield code="a">Weekly</subfield></datafield><datafield ind1="0" ind2=" " tag="362"><subfield code="a">Vol. 17, no. 12 (Aug. 30, 1978)-v. 17, no. 40 (Mar. 14, 1979).</subfield></datafield><datafield ind1=" " ind2=" " tag="530"><subfield code="a">Available on microfilm from the Colorado Historical Society.</subfield></datafield><datafield ind1=" " ind2=" " tag="752"><subfield code="a">United States</subfield><subfield code="b">Colorado</subfield><subfield code="c">Douglas</subfield><subfield code="d">Parker.</subfield></datafield><datafield ind1="0" ind2="0" tag="780"><subfield code="t">Press (Parker, Colo. : 19uu)</subfield><subfield code="w">(DLC)sn 90051177</subfield></datafield><datafield ind1="0" ind2="0" tag="785"><subfield code="t">Parker news-press</subfield><subfield code="w">(DLC)sn 90051179</subfield></datafield><datafield ind1="0" ind2="0" tag="785"><subfield code="t">Douglas County news-press</subfield><subfield code="w">(DLC)sn 82007863</subfield></datafield></record>